@misc{source,
  author          = {Walter D. Pullen},
  title           = {Maze Classification},
  howpublished    =
  {\url{http://www.astrolog.org/labyrnth/algrithm.htm}},
  year            = {2015}
}